    @BOOK{ContDelivery,
      author =       "Jez Humble and David Farley",
      title =        "Continuous delivery: reliable software releases through build, test, and deployment automation",
      publisher =    "Addison-Wesley",
      year =         "2010",
      note =         "ISBN~9780321601919", 
    }
    
    @BOOK{TeamCity,
      author =       "Volodymyr Melymuka",
      title =        "TeamCity 7 Continuous Integration essentials: a step-by-step introductory tutorial and intelligible practical guide to successfully applying Continuous Integration via TeamCity",
      publisher =    "Packt Pub.",
      year =         "2012",
      note =         "ISBN~0-201-13447-0",
    }
    